2198 4064
611 109 704 142 ·rl

37 307 122 363 uras.
147 267 746 387 peuoxssaroveros'rssasss
796 264 871 384 249
934 329 938 338 -
1033 392 1036 401 ‚

37 464 110 532 sunni
122 477 248 551 torpere
261 467 502 534 inveniunturet
516 463 596 528 succi
611 466 731 549 gastrici
742 462 875 534 secretio

37 551 139 624 delicit,
155 555 257 616 minue
275 553 424 614 idoneum
446 551 489 614 est
506 552 595 614 cibos
614 555 697 625 dare,
720 571 790 613 narn
812 555 874 616 laos
896 619 900 630 ,

37 648 356 718 aegre'concoqneret
374 637 575 707 ventriculus,
598 637 679 700 unde
701 648 732 699 et
747 637 873 718 quidem

36 718 875 806 hauiabsquedamno,coacescerentvelcomputresco
990 725 995 731 ”

42 819 106 877 rent,
125 825 232 869 verum
248 827 284 868 ea
299 803 493 874 stimulantis,
521 823 600 887 quae
614 807 652 867 in·
661 807 754 889 priori
772 807 873 888 specie

42 893 322 963 commendavimus,
345 891 434 952 valde
445 887 581 971 prosunt,
596 887 686 954 simul
703 911 874 974 quoqueea

40 993 103 1052 quae
113 979 148 1038 ad
159 975 322 1040 curandam
333 974 450 1036 febrem
462 974 704 1054 praescribuntur
713 977 809 1056 probe
818 977 875 1038 ob-

35 1059 166 1125 servanda
179 1060 259 1134 sant,
274 1081 333 1124 nee
346 1059 471 1124 forsitan
482 1057 581 1120 abere
590 1059 767 1122 eritsolitsrs
777 1061 872 1142 partis

36 1145 403 1216 adlesiaeealcaraddere,
413 1163 477 1225 quo
490 1163 557 1204 eam
567 1144 745 1226 concipiant
760 1146 875 1228 agendi
909 1135 915 1154 '

36 1229 106 1302 vim,
140 1249 218 1318 quae
244 1239 278 1292 ut
300 1231 452 1292 excitetur
479 1239 569 1312 atque
590 1228 735 1292 soveatur
755 1230 876 1294 inflam·
918 1269 924 1274 -

38 1317 126 1377 matio
153 1328 310 1378 mortuum
335 1315 439 1378 avito
461 1311 632 1390 separatura
656 1313 767 1386 efficit,
788 1315 874 1396 quod
910 1309 927 1380 .’

38 1400 152 1480 quidem
166 1397 444 1462 sementationibus
454 1398 662 1480 calidisatqne
673 1400 876 1469 irritantibus.

39 1483 184 1548 ueletiam
198 1485 363 1568 adustione,
379 1485 499 1564 optime
517 1485 685 1565 peragitur.
704 1486 875 1571 'loquarto

39 1587 146 1650 genere
161 1570 197 1632 ab
208 1571 292 1634 omni
308 1569 420 1632 iniuria
430 1569 559 1632 'externa
578 1568 677 1650 probe
692 1571 875 1642 cavendum,

40 1655 196 1718 valetudini
222 1653 323 1718 totius
350 1655 494 1732 eorporis
523 1652 595 1714 cibo
616 1653 778 1734 inprimis,
804 1675 876 1718 nam
930 1665 937 1670 “

40 1755 136 1816 parum
153 1741 257 1804 iuvant
274 1737 515 1809 medicamenta,
540 1752 642 1819 eoque
658 1739 770 1820 optimi
785 1737 877 1811 succi,

41 1831 100 1884 aere
114 1823 195 1887 liceo
209 1834 301 1906 atque
317 1820 486 1905 purissimo,
510 1822 733 1886 exercitatione
751 1825 877 1889 modica

40 1919 90 1970 cet.
113 1909 350 1981 consulendum,
385 1899 477 1969 vel'sr
504 1906 598 1969 febris
621 1927 747 1989 quoque
773 1910 878 1982 suerit,

40 1990 105 2056 haec
116 2015 169 2078 per
183 1994 393 2063 uastationem
408 2009 487 2074 quas
496 2004 677 2074 proponunt
689 1994 778 2076 leges
793 1995 879 2068 artis,

40 2073 236 2144 submovenda
258 2079 301 2142 eli
324 2089 355 2138 et
381 2090 483 2157 partes
505 2077 565 2138 iam
593 2076 730 2142 adsebiae
754 2080 879 2142 idoneis

40 2162 291 2244 cataplasmatibus
315 2161 516 2244 deligandae,
555 2171 588 2224 ut
609 2161 723 2226 scilicet
753 2164 881 2227 tollatur

40 2263 208 2332 gangraenas
233 2248 399 2311 imminens
422 2245 470 2310 vel
492 2243 712 2326 suppuratione
733 2248 881 2312 evellatur

41 2343 196 2396 mortuum.
229 2331 346 2397 Verum
361 2331 519 2413 inquirito,
534 2331 655 2392 ratione
668 2329 741 2396 huic
755 2332 881 2414 prorsus
940 2375 943 2381 -

42 2418 183 2484 contraria
194 2437 303 2482 euram
314 2414 467 2496 suscipere
487 2412 648 2480 convenit.
692 2417 772 2482 Nam
785 2438 881 2500 quum

42 2498 67 2560 in
86 2502 138 2566 illo
161 2504 304 2586 vigorem
326 2501 411 2563 suum
433 2495 567 2562 illaesum
596 2501 752 2566 retineant
774 2503 880 2576 solida,

42 2583 370 2669 imminuendapotius
388 2583 447 2658 est,
466 2603 567 2664 quarn
590 2589 806 2666 promovenda
834 2591 881 2650 in·

42 2667 217 2744 flammatio,
236 2691 315 2754 quae
332 2683 394 2734 tam
412 2689 428 2732 a
448 2669 596 2734 violentia
613 2689 703 2754 quam
723 2693 739 2734 a
757 2672 881 2738 stimulo

43 2758 126 2830 partis
149 2770 309 2820 emortuae
338 2755 473 2824 orietur.
508 2755 592 2836 quod
614 2777 711 2820 venae
734 2756 883 2832 scaione,

44 2835 205 2906 laxantibus
229 2853 320 2920 atque
345 2839 529 2922 potionibus
554 2841 683 2904 acidulis
708 2840 777 2908 satis
796 2863 885 2906 com·

45 2927 126 2989 mode
146 2925 191 2990 su.
240 2924 354 2990 Omnia
376 2943 452 2988 vero
472 2924 637 2996 irritantis,
659 2941 720 2992 tam
744 2939 884 3000 externa,

44 3023 123 3085 quam
150 3011 291 3091 inprimis
313 3011 454 3079 interna..
491 3009 590 3090 probe
612 3009 782 3094 fugienda,
811 3033 884 3076 -nec

44 3090 115 3170 allud
129 3115 218 3177 quam
236 3095 321 3176 quod
338 3091 573 3160 leniteremollt
588 3097 684 3174 parti„
700 3105 789 3178 quarn
806 3117 884 3182 gan·
926 3147 930 3158 .

45 3179 146 3258 graena
162 3183 295 3244 min'atur
311 3179 357 3242 vel
373 3177 534 3260 corripuit.
557 3176 883 3262 superimponendum.

99 3261 190 3340 Quod
207 3285 283 3331 vero
299 3263 503 3337 inflammatio
525 3281 588 3346 quo
603 3263 820 3330 vehementior
842 3285 886 3328 eo

45 3347 132 3412 rarius
157 3352 187 3416 in
221 3367 431 3434 gangraenam
462 3345 550 3409 abeat
578 3358 667 3410 tanto
692 3349 793 3414 minus
825 3351 885 3412 erit

42 3430 154 3526 mirum,
175 3453 273 3522 qaum
293 3433 412 3500 summo
427 3431 598 3500 solidorum
620 3435 731 3516 vigore
750 3453 833 3519 opus
851 3431 888 3500 lit

440 3515 603 3596 ·Ql'
853 3531 888 3586 ut
